@article{kajiya,
 author = {Kajiya, James T.},
 title = {The Rendering Equation},
 journal = {SIGGRAPH Comput. Graph.},
 issue_date = {Aug. 1986},
 volume = {20},
 number = {4},
 month = aug,
 year = {1986},
 issn = {0097-8930},
 pages = {143--150},
 numpages = {8},
 url = {http://doi.acm.org/10.1145/15886.15902},
 doi = {10.1145/15886.15902},
 acmid = {15902},
 publisher = {ACM},
 address = {New York, NY, USA},
}

@book{dutre,
Author = {Dutr\'{e}, Philip and Bala, Kavita and Bekaert, Philippe},
ISBN = {1568813074},
Publisher = {Wellesley, Mass. : AK Peters, cop. 2006},
Title = {Advanced global illumination / Philip Dutr√©, Kavita Bala, Philippe Bekaert.},
URL = {https://lt.ltag.bibl.liu.se/login?url=http://search.ebscohost.com/login.aspx?direct=true&db=cat00115a&AN=lkp.521445&site=eds-live},
Year = {2006},
}